

@Misc{dlx,
  author = 	 {Donald E. Knuth},
  title = 	 {Dancing Links},
  note = 	 {\url{http://www-cs-faculty.stanford.edu/~uno/papers/dancing-color.ps.gz}}}

